@article{Moo65,
    title = {Cramming more components onto integrated circuits},
    author = {Moore, Gordon E.},
    journal = {Electronics},
    pages = {114--117},
    year = {1965}
}

@article{Wal05,
    title = {Kryder's Law},
    author = {Walter, Chip},
    journal = {Scientific American},
    year = {2005}
}

@article{Kah11,
    title = {On the Future of Genomic Data},
    author = {Kahn, Scott D.},
    journal = {Science},
    pages = {728--729},
    volume = {331},
    year = {2011}
}

@incollection{YYB14,
    title = {Traversing the \(k\)-mer Landscape of NGS Read Datasets for Quality Score Sparsification},
    author = {Yu, Y. William and Yorukoglu, Deniz and Berger, Bonnie},
    booktitle = {Research in Computational Molecular Biology},
    volume = {8394},
    series = {Lecture Notes in Computer Science},
    pages = {385--399},
    year = {2014}
}

@article{LLL12,
    title = {Comparison of Next-Generation Sequencing Systems},
    author = {Lui, Lin and Li, Yinhu and Li, Siliang and Hu, Ni and He, Yimin and Pong, Ray and Lin, Danni and Lu, Lihua and Law, Maggie},
    journal = {Journal of Biomedicine and Biotechnology},
    volume = {2012},
    year = {2012}
}
